@article{ashtekar2018null,
  title={Null infinity, the BMS group and infrared issues},
  author={Ashtekar, Abhay and Campiglia, Miguel and Laddha, Alok},
  journal={General Relativity and Gravitation},
  volume={50},
  pages={1--23},
  year={2018},
  publisher={Springer}
}
